<?xml version="1.0" encoding="UTF-8"?><collection xmlns="http://www.loc.gov/MARC21/slim"><record><leader>00358nam--2200133-i-4500</leader><controlfield tag="001">000008456</controlfield><controlfield tag="002">20161230</controlfield><controlfield tag="005">20161230201027</controlfield><controlfield tag="008">060222s1000------------r-----000-0-eng-d</controlfield><datafield ind1=" " ind2=" " tag="245"><subfield code="a">Handbook for automatic computation</subfield></datafield><datafield ind1=" " ind2=" " tag="260"><subfield code="a">New York, Academic Press, 1967 Ix + 397 P. + 1 Pl</subfield></datafield><datafield ind1=" " ind2=" " tag="490"><subfield code="a">Grundlehren Der Math</subfield></datafield><datafield ind1=" " ind2=" " tag="700"><subfield code="a">Bauer, F.L./S.A.</subfield></datafield><datafield ind1=" " ind2=" " tag="852"><subfield code="a">26909</subfield></datafield></record></collection>